@inproceedings{gupta2023packd,
  title={PaCKD: Pattern-Clustered Knowledge Distillation for Compressing Memory Access Prediction Models},
  author={Gupta, Neelesh and Zhang, Pengmiao and Kannan, Rajgopal and Prasanna, Viktor K.},
  booktitle={IEEE High Performance Efficient Computing (HPEC)},
  year={2023},
  month={September},
  address={Boston, MA},
  organization={IEEE},
  email={neeleshg@usc.edu, pengmiao@usc.edu, prasanna@usc.edu, rajgopal.kannan.civ@army.mil},
}

@inproceedings{liu2022youtube,
  title={Did your child get disturbed by an inappropriate advertisement on YouTube?},
  author={Liu, Jeffrey and Tandon, Rajat and Durairaj, Uma and Guo, Jiani and Zahabizadeh, Spencer and Ilango, Sanjana and Tang, Jeremy and Gupta, Neelesh and Zhou, Zoe and Mirkovic, Jelena},
  booktitle={Proceedings of KDD Undergraduate Consortium},
  series={KDD-UC'22},
  year={2022},
  month={October},
  address={Washington, D.C.},
  organization={ACM},
  pages={},
  email={{jliu5021,rajattan,uduraira,jennyguo,szahabiz,ilango,tangjere,neeleshg,zoez}@usc.edu, mirkovic@isi.edu}
}
